
@book{sliwa_kulturowe_2020,
	address = {Lublin},
	title = {Kulturowe i filozoficzne aspekty literatury i sztuki},
	isbn = {978-83-66489-27-1},
	language = {pl},
	publisher = {Wydawnictwo Naukowe Tygiel sp. z o.o},
	editor = {Śliwa, Magdalena and Chodźko, Ewelina},
	year = {2020},
	keywords = {1-100, 100-1 p.n.e, 1001-1100, 101-200, 1101-1200, 1201-1300, 1301-1400, 1401-1500, 1501-1600, 1601-1700, 1701-1800, 1801-1900, 1901-2000, 200-101 p.n.e, 2001-, 201-300, 300-201 p.n.e, 301-400, 400-301 p.n.e, 401-500, 500-401 p.n.e, 501-600, 600-501 p.n.e, 601-700, 700-601 p.n.e, 701-800, 800-701 p.n.e, 801-900, 901-1000, Filozofia, Filozofia i etyka, Kultura, Kultura i sztuka, Literatura, Literaturoznawstwo, Muzyka, Praca zbiorowa, Sztuka},
	file = {Śliwa and Chodźko - 2020 - Kulturowe i filozoficzne aspekty literatury i sztu.pdf:C\:\\Users\\clint\\Zotero\\storage\\MYH9HMQC\\Śliwa and Chodźko - 2020 - Kulturowe i filozoficzne aspekty literatury i sztu.pdf:application/pdf},
}

@misc{berman_what_nodate,
	title = {What {Happens} {When} the {U}.{S}. {Hits} {Its} {Debt} {Ceiling}?},
	url = {https://www.cfr.org/backgrounder/what-happens-when-us-hits-its-debt-ceiling},
	abstract = {As the U.S. government grapples with another deadline to increase its debt ceiling in 2023, economists warn that a possible default could have disastrous economic consequences.},
	language = {en},
	urldate = {2023-06-16},
	author = {Berman, Noah},
	file = {Snapshot:C\:\\Users\\clint\\Zotero\\storage\\FF544798\\what-happens-when-us-hits-its-debt-ceiling.html:text/html},
}

@article{dicamillo_g-7_2022,
	title = {The {G}-7 has frozen all of {Russia}’s reserve assets in their countries},
	url = {https://qz.com/2135316/the-g-7-froze-all-of-russias-reserve-assets-in-their-countries},
	abstract = {Russia is running out of options to participate in the global financial system.},
	language = {en},
	urldate = {2023-06-16},
	author = {DiCamillo, Nate},
	month = feb,
	year = {2022},
	file = {Snapshot:C\:\\Users\\clint\\Zotero\\storage\\GXTPYKFQ\\the-g-7-froze-all-of-russias-reserve-assets-in-their-countries.html:text/html},
}

@article{evgenia_read_2021,
	title = {Read {My} {Brooch}, {Says} {Russian} {Central} {Bank} {Chief} {Nabiullina} - {BNN} {Bloomberg}},
	url = {https://www.bnnbloomberg.ca/read-my-brooch-says-russian-central-bank-chief-nabiullina-1.1541748},
	abstract = {Bank of Russia Governor Elvira Nabiullina confirmed what the market has been thinking this year: The brooches she’s worn after key rate meetings are clues to understand policy decisions.},
	urldate = {2023-06-16},
	journal = {BNN Bloomberg},
	author = {Evgenia, Pismennaya},
	month = dec,
	year = {2021},
	note = {Section: Bloomberg},
	file = {Snapshot:C\:\\Users\\clint\\Zotero\\storage\\9IATMKYR\\read-my-brooch-says-russian-central-bank-chief-nabiullina-1.html:text/html},
}

@article{reuters_tough_2022,
	chapter = {Finance},
	title = {Tough choices ahead for {Russia}'s inflation hawk {Nabiullina}},
	url = {https://www.reuters.com/business/finance/tough-choices-ahead-russias-inflation-hawk-nabiullina-2022-03-17/},
	abstract = {In March 2021, as the Bank of Russia hiked interest rates for the first time in three years, Governor Elvira Nabiullina wore a brooch in the shape of a hawk - the latest in series of such sartorial nods to policy picked up by the Russian media.},
	language = {en},
	urldate = {2023-06-16},
	journal = {Reuters},
	author = {{Reuters}},
	month = mar,
	year = {2022},
	file = {Snapshot:C\:\\Users\\clint\\Zotero\\storage\\CVUMZAGA\\tough-choices-ahead-russias-inflation-hawk-nabiullina-2022-03-17.html:text/html},
}

@misc{wion_russian_nodate,
	title = {Russian {Central} {Bank} chief noted for coded dress wears funeral black to signal death of economy},
	url = {https://www.wionews.com/world/russian-central-bank-chief-noted-for-coded-dress-wears-funeral-black-to-signal-death-of-economy-459472},
	abstract = {Elvira Nabiullina, chief of the Central Bank of Russia, is facing one of the most tumultuous phases in her career.

The technocrat-turned-economist may have steered Russia’s economy through a series of economic shocks over the past few years, but the latest sanctions announced by the West in the wake of the invasion of Ukraine are stretching her ability to keep the economy on track.},
	language = {en-us},
	urldate = {2023-06-16},
	journal = {WION},
	author = {WION, Web Team},
	file = {Snapshot:C\:\\Users\\clint\\Zotero\\storage\\AU86ZKFV\\russian-central-bank-chief-noted-for-coded-dress-wears-funeral-black-to-signal-death-of-economy.html:text/html},
}

@article{seddon_elvira_2022,
	chapter = {Person in the News},
	title = {Elvira {Nabiullina}, a technocrat plunged into chaos at {Russia}’s central bank},
	url = {https://www.ft.com/content/874e18e6-b97c-4508-b43c-4454466a2c3c},
	abstract = {The conflict in Ukraine has stretched the governor’s ability to keep the economy on the rails},
	urldate = {2023-06-16},
	journal = {Financial Times},
	author = {Seddon, Max},
	month = mar,
	year = {2022},
	file = {Snapshot:C\:\\Users\\clint\\Zotero\\storage\\NGMPZKEK\\874e18e6-b97c-4508-b43c-4454466a2c3c.html:text/html},
}

@article{hirsch_who_2022,
	chapter = {Newsletter},
	title = {Who is the real {Elvira} {Nabiullina}?},
	url = {https://www.npr.org/sections/money/2022/04/19/1093339972/who-is-the-real-elvira-nabiullina},
	abstract = {Russian central bank chief Elvira Nabiullina has cultivated the image of a nerdy, opera-loving technocrat, trapped in place by Putin's decision to go to war in Ukraine. It's not that simple.},
	language = {en},
	urldate = {2023-06-16},
	journal = {NPR},
	author = {Hirsch, Paddy},
	month = apr,
	year = {2022},
}

@article{rosalsky_how_2022,
	title = {How sanctions are pinning down the {Russian} economy},
	url = {https://www.wrvo.org/2022-03-08/how-sanctions-are-pinning-down-the-russian-economy},
	abstract = {The Russian economy is cratering under the weight of Western sanctions. Russian policymakers are struggling with how to respond — and what to wear.},
	language = {en},
	urldate = {2023-06-16},
	journal = {WRVO Public Media},
	author = {Rosalsky, Greg},
	month = mar,
	year = {2022},
	file = {Snapshot:C\:\\Users\\clint\\Zotero\\storage\\MSVAR94U\\how-sanctions-are-pinning-down-the-russian-economy.html:text/html},
}

@misc{hess_elvira_nodate,
	title = {Elvira {Nabiullina}: the {Kremlin} official still beloved by the {West}},
	shorttitle = {Elvira {Nabiullina}},
	url = {https://unherd.com/thepost/elvira-nabiullina-the-kremlin-official-still-beloved-by-the-west/},
	abstract = {As with most central banks, the Central Bank of Russia’s formal role is to combat inflation and ensure economic stability. In reality, nothing could be further from the truth. Even as the rouble reels from its latest record fall, Russia is heading for a mix of the 1990s economic malaise and huge rate hikes in [...]Read More...},
	language = {en-GB},
	urldate = {2023-06-16},
	journal = {UnHerd},
	author = {Hess, Maximilian},
	file = {Snapshot:C\:\\Users\\clint\\Zotero\\storage\\HF9BE7E5\\elvira-nabiullina-the-kremlin-official-still-beloved-by-the-west.html:text/html},
}

@article{partington_russias_2022,
	chapter = {Business},
	title = {Russia’s central bank head ‘is mourning for her economy’},
	issn = {0029-7712},
	url = {https://www.theguardian.com/business/2022/mar/05/russias-central-bank-head-is-mourning-for-her-economy},
	abstract = {Elvira Nabiullina, noted for her symbolic outfits, wore funereal black when announcing the economic response to sanctions},
	language = {en-GB},
	urldate = {2023-06-16},
	journal = {The Observer},
	author = {Partington, Richard},
	month = mar,
	year = {2022},
	keywords = {Business, Economics, Europe, Global economy, Russia, Ukraine, World news},
	file = {Snapshot:C\:\\Users\\clint\\Zotero\\storage\\LS7DCP4W\\russias-central-bank-head-is-mourning-for-her-economy.html:text/html},
}

@article{evgenia_pismennaya_whats_nodate,
	title = {What’s in a brooch? {Russia} bank chief’s accessories offer clues},
	shorttitle = {What’s in a brooch?},
	url = {https://www.aljazeera.com/economy/2020/12/28/fashion-statement-russiacentral-bank-chief-nabiullina},
	abstract = {Bank of Russia Governor Elvira Nabiullina says the brooches she wears contain clues to understanding policy decisions.},
	language = {en},
	urldate = {2023-06-16},
	journal = {Al Jazeera},
	author = {{Evgenia Pismennaya}},
	file = {Snapshot:C\:\\Users\\clint\\Zotero\\storage\\LUEQLPUJ\\fashion-statement-russiacentral-bank-chief-nabiullina.html:text/html},
}

@misc{noauthor__2022,
	title = {Следите за брошками: сигналы Эльвиры Набиуллиной. Фотогалерея},
	shorttitle = {Следите за брошками},
	url = {https://www.rbc.ru/photoreport/11/02/2022/5f92bea39a7947522989725a},
	abstract = {11 февраля ЦБ повысил ключевую ставку сразу на 1 п.п.\&nbsp;\&mdash; до 9,5\% годовых, это максимум с весны 2017 года. Глава ЦБ Эльвира Набиуллина на пресс-конференции надевает разные броши, которые, как считается, символизируют текущую ситуацию в экономике. Она сама не раскрывает их смысл\&nbsp;\&mdash; мол, если станет объяснять, \&laquo;это будет достаточно скучно\&raquo;. С помощью каких невербальных символов глава ЦБ общалась с публикой и что она надела на этот раз\&nbsp;\&mdash; в фотогалерее РБК.},
	language = {ru},
	urldate = {2023-06-16},
	journal = {РБК},
	month = feb,
	year = {2022},
}

@misc{noauthor__2021,
	title = {Набиуллина объяснила значение брошек на ее пресс-конференциях},
	url = {https://www.vedomosti.ru/society/news/2021/09/17/887128-nabiullina-obyasnila-znachenie-broshek},
	abstract = {Брошки, которые на каждую пресс-конференцию по итогам заседания совета директоров по ключевой ставке надевает председатель Банка России Эльвира Набиуллина, являются отдельным видом коммуникации и дают рынку возможность подумать.},
	language = {ru},
	urldate = {2023-06-16},
	journal = {Ведомости},
	month = sep,
	year = {2021},
	file = {Snapshot:C\:\\Users\\clint\\Zotero\\storage\\TGUYECHU\\887128-nabiullina-obyasnila-znachenie-broshek.html:text/html},
}

@misc{boyan_tsonev_elvira_nodate,
	title = {Elvira {Nabiullina}: {Putin}'s {Chosen}},
	shorttitle = {Elvira {Nabiullina}},
	url = {https://londonpolitica.com/europe-watch-blog-list/elvira-nabiullina},
	abstract = {Born in Ufa from an ethnic Tatar family,   Elvira Nabiullina   is the head of the Central Bank of Russia since 2013. Often overlooked, she is one of the few female senior officials in the country. Nabiullina has strongly cultivated the image of a post-soviet   Russian technocrat  : efficient, versed},
	language = {en-US},
	urldate = {2023-06-17},
	author = {{Boyan Tsonev}},
	file = {Snapshot:C\:\\Users\\clint\\Zotero\\storage\\MVEDY7XK\\elvira-nabiullina.html:text/html},
}

@misc{elvira_nabiullina_interview_nodate,
	title = {Interview with {Russian} {Central} {Bank} {Governor} {Elvira} {Nabiullina} – {IMF} {Finance} \& {Development} {Magazine} {\textbar} {March} 2019},
	url = {https://www.imf.org/en/Publications/fandd/issues/2019/03/interview-with-russian-central-bank-governor-elvira-nabiullina},
	abstract = {Russian Central Bank governor Elvira Nabiullina explains how bold policy action helped Russia avert a deeper recession and reform the banking sector.},
	language = {ENG},
	urldate = {2023-06-17},
	author = {{Elvira Nabiullina}},
	file = {Snapshot:C\:\\Users\\clint\\Zotero\\storage\\VQ23RUQB\\interview-with-russian-central-bank-governor-elvira-nabiullina.html:text/html},
}

@misc{gustafson_case_2022,
	type = {Substack newsletter},
	title = {The {Case} of the {Missing} {Brooch}},
	url = {https://thanegustafson.substack.com/p/the-case-of-the-missing-brooch/comments},
	abstract = {It used to be a standing guessing game on social media in Moscow: Want to know whether interest rates are going up or down? Answer: Watch to see…},
	urldate = {2023-06-17},
	journal = {The Devil's Dance},
	author = {Gustafson, Thane},
	month = jul,
	year = {2022},
	file = {Snapshot:C\:\\Users\\clint\\Zotero\\storage\\KJZ9ZTIP\\comments.html:text/html},
}

@misc{rapoza_where_nodate,
	title = {Where {Is} {The} {Russian} {Banking} {Crisis}?},
	url = {https://www.forbes.com/sites/kenrapoza/2023/03/22/where-is-the-russian-banking-crisis/},
	abstract = {As the U.S. and Europe are back to worrying about financial crises, the one financial crisis everyone expected – in Russia – never materialized. Why not?},
	language = {en},
	urldate = {2023-06-17},
	journal = {Forbes},
	author = {Rapoza, Kenneth},
	note = {Section: Money},
	file = {Snapshot:C\:\\Users\\clint\\Zotero\\storage\\RM959CLW\\where-is-the-russian-banking-crisis.html:text/html},
}

@misc{noauthor_central_nodate,
	title = {The central banker cleaning up {Putin}'s mess – {DW} – 04/29/2022},
	url = {https://www.dw.com/en/elvira-nabiullina-the-central-banker-vladimir-putin-is-relying-on-to-clean-up-russias-economic-mess/a-61634244},
	abstract = {Elvira Nabiullina has charmed many in the West with her policymaking. Analysts say she has blemished her reputation by remaining at the helm to help sustain Putin's war machine in Ukraine.},
	language = {en},
	urldate = {2023-06-17},
	journal = {dw.com},
}

@misc{noauthor_bankers_nodate,
	title = {The banker’s dilemma {How} {Elvira} {Nabiullina} and her team have tried to save {Russia}’s economy amid war and sanctions},
	url = {https://meduza.io/en/feature/2022/07/07/the-banker-s-dilemma},
	abstract = {In the aftermath of Moscow’s February 2022 invasion of Ukraine, experts warned that Western sanctions might tank the ruble, threaten the Russian state’s capacity to pay public employees, and cripple the national economy. So far, however, the financial system is holding out. Russia has avoided a run on its banks, and the ruble now trades for more dollars and euros than at any time since 2015. This relative stability is largely the result of the policies pursued by Elvira Nabiullina, the chairwoman of Russia’s Central Bank, which now operates in wartime conditions. Meduza examines how Nabiullina and her deputies have managed Western sanctions, and what moral dilemmas the Central Bank’s leadership faces while the Kremlin wages a full-scale war against Ukraine.},
	language = {en},
	urldate = {2023-06-17},
	journal = {Meduza},
}

@misc{sid_verma_steely_2015,
	title = {Steely {Nabiullina} fights {Russia}’s fires},
	url = {https://www.euromoney.com/article/b12km4v4ns4pkk/steely-nabiullina-fights-russias-fires},
	abstract = {Elvira Nabiullina, Euromoney’s central bank governor of the year, is staunchly sticking to her controversial crisis-fighting plan as Russia reels from its biggest financial crisis since 1998. As sanctions and falling commodity prices threaten Putin’s oil-financed state patronage, the central bank –…},
	language = {en},
	urldate = {2023-06-17},
	journal = {Euromoney},
	author = {{Sid Verma}},
	month = oct,
	year = {2015},
	note = {Section: BANKING},
}

@article{walker_independent_2020,
	title = {An {Independent} {Woman} in {Putin}'s {Russia}: {Elvira} {Nabiullina} in {Political} {Context}},
	shorttitle = {An {Independent} {Woman} in {Putin}'s {Russia}},
	url = {https://digitalcommons.oberlin.edu/seniorsymp/2020/presentations/12},
	journal = {Senior Symposium},
	author = {Walker, Meredith},
	month = apr,
	year = {2020},
	file = {Digital Commons at Oberlin - Senior Symposium\: An Independent Woman in Putin's Russia\: Elvira Nabiullina in Political Context:C\:\\Users\\clint\\Zotero\\storage\\7G4XITJ8\\12.html:text/html},
}

@article{warner_vladimir_2022,
	title = {Vladimir {Putin}’s central bank chief faces an impossible choice},
	issn = {0307-1235},
	url = {https://www.telegraph.co.uk/business/2022/03/01/vladimir-putins-central-bank-boss-has-blood-hands/},
	abstract = {A resignation by Elvira Nabiullina would be powerfully symbolic and might help tip the balance against a plainly semi-deranged leader},
	language = {en-GB},
	urldate = {2023-06-17},
	journal = {The Telegraph},
	author = {Warner, Jeremy},
	month = mar,
	year = {2022},
	keywords = {Banks and Finance, Business, Comment, Economy, Jeremy Warner, Opinion, Russia, Russia-Ukraine war},
	file = {Snapshot:C\:\\Users\\clint\\Zotero\\storage\\W7Z5Z4QT\\vladimir-putins-central-bank-boss-has-blood-hands.html:text/html},
}
